@article{Sen2009,
  title={Dynamic space warping of strokes for recognition of online handwritten characters},
  author={Sen, Amrik and Ananthakrishnan, Gopal and Sundaram, Suresh and Ramakrishnan, AG},
  journal={International journal of pattern recognition and artificial intelligence},
  volume={23},
  number={05},
  pages={925--943},
  year={2009},
  publisher={World Scientific}
}
